<record><leader>00000cas a22000007a 4500</leader><controlfield tag="001">12038379</controlfield><controlfield tag="008">850515c19569999aludr ne      0    0eng d</controlfield><datafield ind1=" " ind2=" " tag="010"><subfield code="a">sn 85044903 </subfield></datafield><datafield ind1=" " ind2=" " tag="040"><subfield code="a">AAA</subfield><subfield code="b">eng</subfield><subfield code="c">AAA</subfield><subfield code="d">CPN</subfield><subfield code="d">OCLCQ</subfield></datafield><datafield ind1=" " ind2=" " tag="042"><subfield code="a">msc</subfield></datafield><datafield ind1="0" ind2="4" tag="245"><subfield code="a">The Valley times-news.</subfield></datafield><datafield ind1=" " ind2=" " tag="260"><subfield code="a">Lanett, Ala. :</subfield><subfield code="b">Valley Times News, Inc.,</subfield><subfield code="c">1956-</subfield></datafield><datafield ind1=" " ind2=" " tag="300"><subfield code="a">v. :</subfield><subfield code="b">ill. ;</subfield><subfield code="c">57-58 cm.</subfield></datafield><datafield ind1=" " ind2=" " tag="310"><subfield code="a">Daily</subfield></datafield><datafield ind1="0" ind2=" " tag="362"><subfield code="a">Vol. 1, no. 1 (June 15, 1956)-</subfield></datafield><datafield ind1=" " ind2=" " tag="752"><subfield code="a">United States</subfield><subfield code="b">Alabama</subfield><subfield code="c">Chambers</subfield><subfield code="d">Lanett.</subfield></datafield><datafield ind1="0" ind2="0" tag="780"><subfield code="t">Valley daily times-news</subfield><subfield code="w">(DLC)sn 85044902</subfield></datafield></record>